<?xml version="1.0" encoding="UTF-8"?><record xmlns="http://www.loc.gov/MARC21/slim" xmlns:cinclude="http://apache.org/cocoon/include/1.0" xmlns:zs="http://www.loc.gov/zing/srw/">
  <leader>00707cz  a2200181n  4500</leader>
  <controlfield tag="001">no 98118632 </controlfield>
  <controlfield tag="003">DLC</controlfield>
  <controlfield tag="005">20141222110303.0</controlfield>
  <controlfield tag="008">981027n| azannaab           |a aaa     c</controlfield>
  <datafield tag="010" ind1=" " ind2=" ">
    <subfield code="a">no 98118632 </subfield>
  </datafield>
  <datafield tag="035" ind1=" " ind2=" ">
    <subfield code="a">(OCoLC)oca04846786</subfield>
  </datafield>
  <datafield tag="040" ind1=" " ind2=" ">
    <subfield code="a">TxU-Mu</subfield>
    <subfield code="b">eng</subfield>
    <subfield code="e">rda</subfield>
    <subfield code="c">TxU-Mu</subfield>
    <subfield code="d">DLC</subfield>
  </datafield>
  <datafield tag="100" ind1="1" ind2=" ">
    <subfield code="a">Salomon, Siegfried,</subfield>
    <subfield code="d">1885-1962</subfield>
  </datafield>
  <datafield tag="400" ind1="1" ind2=" ">
    <subfield code="a">Saloman, Siegfrid,</subfield>
    <subfield code="d">1885-1962</subfield>
  </datafield>
  <datafield tag="400" ind1="1" ind2=" ">
    <subfield code="a">Salomon, Naphtali Siegfried,</subfield>
    <subfield code="d">1885-1962</subfield>
  </datafield>
  <datafield tag="670" ind1=" " ind2=" ">
    <subfield code="a">26 Danish violin concertos [SR] p1997:</subfield>
    <subfield code="b">container (Siegfried Salomon (1885-1962))</subfield>
  </datafield>
  <datafield tag="670" ind1=" " ind2=" ">
    <subfield code="a">OCLC, Oct. 27, 1998</subfield>
    <subfield code="b">(hdg.: Saloman, Siegfrid)</subfield>
  </datafield>
  <datafield tag="670" ind1=" " ind2=" ">
    <subfield code="a">New Grove</subfield>
    <subfield code="b">(Salomon, (Naphtali) Siegfried; b. 8-3-1885, Copenhagen, d. 10-29-62, Copenhagen; Danish cellist and composer)</subfield>
  </datafield>
</record>